@article{milanes2003introduccion,
  title={Introducci{\'o}n a los Microprocesadores},
  author={Milan{\'e}s, CT Ing Evaristo Gonz{\'a}lez},
  journal={Dpto. de Fisica Universidad de Matanzas},
  year={2003}
}
