@article{rebollo2011procesador,
  title={El procesador},
  author={Rebollo Pedruelo, Miguel},
  year={2011}
}